%    [1] Guelfi, Edward A., et al. "The Imperative for the U.S. Military to Develop a Counter-UAS 
%Strategy." Joint Force Quarterly, no. 97, Apr. 2020, p. 4+. Gale Academic OneFile, https://link.gale.com/apps/doc/A623446271/AONE?u=anna82201&sid=AONE&xid=24ec0320. Accessed 3 Sept. 2020.https://go.gale.com/ps/i.do?p=AONE&u=anna82201&id=GALE|A623446271&v=2.1&it=r&sid=summon
@article{guelfi2020imperative,
author={Guelfi, Edward A.},
year={2020},
title={The imperative for the {US} military to develop a counter-{UAS} strategy},
journal={Joint Force Quarterly},
issue={97},
pages={4}}

%    [2] 'Intercept Drone Tasked to Location of Lidar Tracked Drone' in Patent Application Approval Process (USPTO 20170261604)." Journal of Engineering, 2 Oct. 2017, p. 1724. Gale Academic OneFile, https://link.gale.com/apps/doc/A507501991/AONE?u=anna82201&sid=AONE&xid=cb92bf84. Accessed 2 Sept. 2020.
@article{nobody2017intercept,
author={Name, No},
year={2017},
title={Intercept drone tasked to location of lidar tracked drone},
journal={Journal of Engineering},
pages={1724}}

%    [3] R. Brandom, “Watch Anduril's Anvil take down an off-the-shelf drone in midflight,” The Verge, 04-Oct-2019. [Online]. Available: https://www.theverge.com/2019/10/4/20898931/anduril-anvil-drone-footage-palmer-luckey-quadcopter. [Accessed: 27-Nov-2020]. 
@misc{brandom2019watch,
author={Brandom, R},
year={2019},
title={Watch {A}nduril's {A}nvil take down an off-the-shelf drone in midflight},
howpublished={\url{https://www.theverge.com/2019/10/4/20898931/anduril-anvil-drone-footage-palmer-luckey-quadcopter}}}


%    [4] “SKYWALL PATROL,” openworksengineering.com, 29-Jun-2020. [Online]. Available: https://openworksengineering.com/skywall-patrol/. [Accessed: 2020]. 
@misc{skywall2020,
author={Name, No},
year={2020},
title={Skywall Patrol},
howpublished={\url{https://openworksengineering.com/skywall-patrol/}}}
